% Encoding: UTF-8

@Article{Boor72Calculating,
  author       = {de Boor, Carl},
  title        = {On Calculating with B-Splines},
  journaltitle = {Journal of Approximation Theory},
  date         = {1972},
  volume       = {6},
  number       = {1},
  pages        = {50--62},
  issn         = {0021-9045},
  doi          = {10.1016/0021-9045(72)90080-9},
  comment      = {f√ºr Cox-de-Boor-Rekursion bei B-Splines},
  file         = {:home/julian/studium/sem10/ma/ebooks/boor_on_calculating_with_b-splines.pdf:PDF},
  owner        = {julian},
  timestamp    = {2014.04.27},
}

@Article{Bungartz04Sparse,
  author       = {Bungartz, Hans-Joachim and Griebel, Michael},
  title        = {Sparse grids},
  journaltitle = {Acta Numerica},
  date         = {2004-05},
  volume       = {13},
  pages        = {147--269},
  issn         = {1474-0508},
  doi          = {10.1017/S0962492904000182},
  file         = {:home/julian/studium/sem10/ma/ebooks/bungartz-griebel_sparse_grids.pdf:PDF},
  owner        = {julian},
  timestamp    = {2014.03.29},
}

@Article{Boor16Comment,
  author    = {de Boor, Carl},
  title     = {A comment on {Ewal} {Quak's} ``{About} {B-splines}''},
  journal   = {Journal of Numerical Analysis and Approximation Theory},
  year      = {2016},
  volume    = {45},
  number    = {1},
  pages     = {84--86},
  owner     = {valentjn},
  timestamp = {2017.11.25},
}

@Comment{jabref-meta: databaseType:biblatex;}
